
@misc{paupfc,
	title = {Quick deployment network using {MANET}},
	author = {Escrich, Pau},
	month = {January},
	year = {2012},
	note = {Degree thesis}
}

@article{huynhsimulation,
  title={SIMULATION AND ANALYSIS OF WIRELESS MESH NETWORK IN ADVANCED METERING INFRASTRUCTURE},
	year={2011},
  author={Huynh, Philip}
}

@article{WMNs,
author = {Hassen A.  Mogaibel and Mohamed Othman and Shamala Subramaniam and Nor Asilah Wati Abdul Hamid},
title  = {Wireless Mesh Networks - Efficient Link Scheduling, Channel Assignment and Network Planning Strategies},
year  = {2012-08-14},
doi  = {},
url  = {http://www.intechopen.com/books/export/citation/BibTex/wireless-mesh-networks-efficient-link-scheduling-channel-assignment-and-network-planning-strategies/high-throughput-path-establishment-for-common-traffic-in-wireless-mesh-networks}
}

@misc{qmpPresentation,
	title = {	Xarxes Mesh. Curs Guifi.net 2012},
	author = {Escrich, Pau}, 	
	month = {November},
	year = {2012},
	note = {Presentation}
}

@article{Manetdef,
  title={Performance Comparison and Analysis of DSDV and AODV for MANET},
  author={Ramesh, V and Subbaiah, Dr P and Rao, N Koteswar and Raju, M Janardhana},
  journal={International Journal on Computer Science and Engineering},
  volume={2},
  number={02},
  pages={183--188},
  year={2010},
  publisher={Citeseer}
}

@article{Bmx6,
	title={An evaluation of BMX6 for Community Wireless Networks},
	author={Neumann, Axel and Lopez, Esther and Navarro, Leandro},
	journal={International Workshop on Community Networks and Bottom-up-Broadband (CNBuB 2012)},
	year={2012}
}

@article{efrainMedia,
  title={{Mobile Node: Open Portable Infrastructure, Overlapping Digital Paths}},
  author={Foglia, Efraín},
	journal={MediaCity: Interaction of Architecture, Media and Social Phenomena.},
  year={2010},
	pages={557--570},
  publisher={Weimar, Bauhaus-Universität.}
}

@article{diot2000deployment,
  title={Deployment issues for the IP multicast service and architecture},
  author={Diot, Christophe and Levine, Brian Neil and Lyles, Bryan and Kassem, Hassan and Balensiefen, Doug},
  journal={Network, IEEE},
  volume={14},
  number={1},
  pages={78--88},
  year={2000},
  publisher={IEEE}
}


	
