@article{chong2003sensor,
  title={Sensor networks: evolution, opportunities, and challenges},
  author={Chong, Chee-Yee and Kumar, Srikanta P},
  journal={Proceedings of the IEEE},
  volume={91},
  number={8},
  pages={1247--1256},
  year={2003},
  publisher={IEEE}
}

@misc{airquality,
    author = "Chris Nafis",
    title = "Monitoring your Air Quality",
    year = "2012",
    url = "http://www.howmuchsnow.com/arduino/airquality/",
    note = "[Online; accessed 4-April-2013]"
}

@book{gertz2012environmental,
  title={Environmental Monitoring with Arduino: Building Simple Devices to Collect Data about the World Around Us},
  author={Gertz, Emily and Di Justo, Patrick},
  year={2012},
  publisher={Make}
}

@book{caragliu2009smart,
  title={Smart cities in Europe},
  author={Caragliu, Andrea and Del Bo, Chiara and Nijkamp, Peter and others},
  year={2009},
  publisher={Vrije Universiteit, Faculty of Economics and Business Administration}
}
